@article{spherical,
   author = {Michael Kapovich and John J. Millson},
    title = {On the Moduli Space of a Spherical Polygonal Linkage},
    journal = {Canad. Math. Bull},
    year = {1997},
    volume = {42},
    pages = {307--320}
}

@article{planar,
 ISSN = {00029890, 19300972},
 URL = {http://www.jstor.org/stable/30037466},
 author = {Don Shimamoto and Catherine Vanderwaart},
 journal = {The American Mathematical Monthly},
 number = {4},
 pages = {289-310},
 publisher = {Mathematical Association of America},
 title = {Spaces of Polygons in the Plane and Morse Theory},
 volume = {112},
 year = {2005}
}

@BOOK{rourke,
  TITLE = {Discrete and Computational Geometry},
  SUBTITLE = {},
  AUTHOR = {Satyan L. Devadoss and Joseph O'Rourke},
  YEAR = {2011}, 
  PUBLISHER = {Princeton University Press},
}

@BOOK{milnor,
  TITLE = {Morse Theory},
  SUBTITLE = {},
  AUTHOR = {John Milnor},
  YEAR = {1963}, 
  PUBLISHER = {Princeton University Press},
}

@article{zhukova,
author = {Zhukova, A},
year = {2013},
month = {06},
pages = {},
title = {Morse index of a cyclic polygon. II},
volume = {24},
journal = {St. Petersburg Mathematical Journal}
}
